@ARTICLE{vbk22,
  author={Vatsalan, Dinusha and Bhaskar, Raghav and Kaafar, Mohamed Ali},
  journal={IEEE Transactions on Knowledge and Data Engineering}, 
  title={Local Differentially Private Fuzzy Counting in Stream Data Using Probabilistic Data Structures}, 
  year={2022},
  volume={35},
  number={8},
  pages={8185-8198},
  keywords={Data structures;Real-time systems;Probabilistic logic;Filtering algorithms;Matched filters;Estimation;Privacy;Local differential privacy;fuzzy counting;real-time querying;Cuckoo filter;Bloom filter;data streams},
  doi={10.1109/TKDE.2022.3198478}}

@inproceedings{fla+07,
  TITLE = {{HyperLogLog: the analysis of a near-optimal cardinality estimation algorithm}},
  AUTHOR = {Flajolet, Philippe and Fusy, {\'E}ric and Gandouet, Olivier and Meunier, Fr{\'e}d{\'e}ric},
  URL = {https://inria.hal.science/hal-00406166},
  BOOKTITLE = {{DMTCS Proceedings}},
  ADDRESS = {Juan les Pins, France},
  EDITOR = {Jacquet, Philippe},
  PUBLISHER = {{Discrete Mathematics and Theoretical Computer Science}},
  SERIES = {DMTCS Proceedings},
  VOLUME = {DMTCS Proceedings vol. AH, 2007 Conference on Analysis of Algorithms (AofA 07)},
  PAGES = {137-156},
  YEAR = {2007},
  MONTH = Jun,
  DOI = {10.46298/dmtcs.3545},
  KEYWORDS = {cardinality estimation ; Probabilistic algorithm},
  PDF = {https://inria.hal.science/hal-00406166v2/file/dmAH0110.pdf},
  HAL_ID = {hal-00406166},
  HAL_VERSION = {v2},
}

@inproceedings{dwo06,
  author    = {Cynthia Dwork},
  title     = {Differential Privacy},
  booktitle = {Proceedings of the 33rd International Colloquium on Automata, Languages and Programming (ICALP)},
  year      = {2006},
  volume    = {4052},
  series    = {Lecture Notes in Computer Science},
  pages     = {1--12},
  publisher = {Springer},
  doi       = {10.1007/11787006_1}
}